<record><leader>00000cas a22000007a 4500</leader><controlfield tag="001">13991661</controlfield><controlfield tag="008">860731d193719uuiauwr ne      0    0eng d</controlfield><datafield ind1=" " ind2=" " tag="010"><subfield code="a">sn 86061035 </subfield></datafield><datafield ind1=" " ind2=" " tag="040"><subfield code="a">INP</subfield><subfield code="b">eng</subfield><subfield code="c">INP</subfield><subfield code="d">OCLCQ</subfield></datafield><datafield ind1=" " ind2=" " tag="042"><subfield code="a">msc</subfield></datafield><datafield ind1="0" ind2="4" tag="245"><subfield code="a">The Spotlight and progressive-news.</subfield></datafield><datafield ind1=" " ind2=" " tag="260"><subfield code="a">[Denison, Iowa :</subfield><subfield code="b">s.n.],</subfield><subfield code="c">1937-</subfield></datafield><datafield ind1=" " ind2=" " tag="300"><subfield code="a">v. :</subfield><subfield code="b">ill.</subfield></datafield><datafield ind1=" " ind2=" " tag="310"><subfield code="a">Weekly</subfield></datafield><datafield ind1="0" ind2=" " tag="362"><subfield code="a">Vol. 1, no. 1 (Nov. 27, 1937)-</subfield></datafield><datafield ind1=" " ind2=" " tag="500"><subfield code="a">"Published for those who dare the risk of knowing."</subfield></datafield><datafield ind1=" " ind2=" " tag="500"><subfield code="a">Later publisher: The Spotlight &amp; Progressive News Publishing Co.</subfield></datafield><datafield ind1=" " ind2=" " tag="550"><subfield code="a">Issued by: Committee of Progressives.</subfield></datafield><datafield ind1="2" ind2=" " tag="710"><subfield code="a">Committee of Progressives.</subfield></datafield><datafield ind1=" " ind2=" " tag="752"><subfield code="a">United States</subfield><subfield code="b">Iowa</subfield><subfield code="c">Crawford</subfield><subfield code="d">Denison.</subfield></datafield><datafield ind1="0" ind2="0" tag="780"><subfield code="t">Spotlight (Denison, Iowa)</subfield><subfield code="w">(DLC)sn 86061036</subfield></datafield><datafield ind1="1" ind2=" " tag="029"><subfield code="a">AU@</subfield><subfield code="b">000025810573</subfield></datafield></record>